@inproceedings{ng1999policy,
  title={Policy invariance under reward transformations: Theory and application to reward shaping},
  author={Ng, Andrew Y and Harada, Daishi and Russell, Stuart},
  booktitle={ICML},
  volume={99},
  pages={278--287},
  year={1999}
}

@inproceedings{lieder2016helping,
  title={Helping people make better decisions using optimal gamification},
  author={Lieder, Falk and Griffiths, Thomas L.},
  booktitle={Proceedings of the 38th Annual Conference of the Cognitive Science Society},
  year={2016}
}

@book{sutton1998reinforcement,
  title={Reinforcement learning: An introduction},
  author={Sutton, Richard S and Barto, Andrew G},
  year={1998},
  publisher={MIT press}
}

@article{gershman2015reinforcement,
  title={Reinforcement learning and causal models},
  author={Gershman, Samuel J},
  year={2015}
}

@article{daw2005uncertainty,
  title={Uncertainty-based competition between prefrontal and dorsolateral striatal systems for behavioral control},
  author={Daw, Nathaniel D and Niv, Yael and Dayan, Peter},
  journal={Nature neuroscience},
  volume={8},
  number={12},
  pages={1704--1711},
  year={2005},
  publisher={Nature Publishing Group}
}

@article{wilson2014humans,
  title={Humans use directed and random exploration to solve the explore--exploit dilemma.},
  author={Wilson, Robert C and Geana, Andra and White, John M and Ludvig, Elliot A and Cohen, Jonathan D},
  journal={Journal of Experimental Psychology: General},
  volume={143},
  number={6},
  pages={2074},
  year={2014},
  publisher={American Psychological Association}
}

@article{gershman2014retrospective,
  title={Retrospective revaluation in sequential decision making: A tale of two systems.},
  author={Gershman, Samuel J and Markman, Arthur B and Otto, A Ross},
  journal={Journal of Experimental Psychology: General},
  volume={143},
  number={1},
  pages={182},
  year={2014},
  publisher={American Psychological Association}
}

@book{mcgonigal2011reality,
  title={Reality is broken: Why games make us better and how they can change the world},
  author={McGonigal, Jane},
  year={2011},
  publisher={Penguin}
}

@book{o1978hippocampus,
  title={The hippocampus as a cognitive map},
  author={O'keefe, John and Nadel, Lynn},
  volume={3},
  year={1978},
  publisher={Clarendon Press Oxford}
}

@MISC{behrens2015,
  author = {Constantinescu, Alexandra and O'Reilly, Jill and Behrens, Timothy},
  title = {Human markers of grid cell coding of non-spatial cognition},
  year = {2015},
  note = {Poster presented at Mechanisms of Memory and Learning, June 15--16, Hawaii}
}

@article{cushman2013action,
  title={Action, outcome, and value a dual-system framework for morality},
  author={Cushman, Fiery},
  journal={Personality and social psychology review},
  volume={17},
  number={3},
  pages={273--292},
  year={2013},
  publisher={SAGE Publications}
}

@article{buzsaki2013memory,
  title={Memory, navigation and theta rhythm in the hippocampal-entorhinal system},
  author={Buzs{\'a}ki, Gy{\"o}rgy and Moser, Edvard I},
  journal={Nature neuroscience},
  volume={16},
  number={2},
  pages={130--138},
  year={2013},
  publisher={Nature Publishing Group}
}

@article{tolman1948cognitive,
  title={Cognitive maps in rats and men.},
  author={Tolman, Edward C},
  journal={Psychological review},
  volume={55},
  number={4},
  pages={189},
  year={1948},
  publisher={American Psychological Association}
}

@article{otto2013curse,
  title={The curse of planning dissecting multiple reinforcement-learning systems by taxing the central executive},
  author={Otto, A Ross and Gershman, Samuel J and Markman, Arthur B and Daw, Nathaniel D},
  journal={Psychological science},
  pages={0956797612463080},
  year={2013},
  publisher={Sage Publications}
}

@article{otto2013working,
  title={Working-memory capacity protects model-based learning from stress},
  author={Otto, A Ross and Raio, Candace M and Chiang, Alice and Phelps, Elizabeth A and Daw, Nathaniel D},
  journal={Proceedings of the National Academy of Sciences},
  volume={110},
  number={52},
  pages={20941--20946},
  year={2013},
  publisher={National Acad Sciences}
}

@article{kahneman1979prospect,
  title={Prospect theory: An analysis of decision under risk},
  author={Kahneman, Daniel and Tversky, Amos},
  journal={Econometrica: Journal of the Econometric Society},
  pages={263--291},
  year={1979},
  publisher={JSTOR}
}

@article{griffiths2008bayesian,
  title={Bayesian models of cognition},
  author={Griffiths, Thomas L and Kemp, Charles and Tenenbaum, Joshua B},
  year={2008},
  publisher={Cambridge University Press}
}

@article{dolan2013goals,
  title={Goals and habits in the brain},
  author={Dolan, Ray J and Dayan, Peter},
  journal={Neuron},
  volume={80},
  number={2},
  pages={312--325},
  year={2013},
  publisher={Elsevier}
}

@MISC{wilson2015tradeoff,
  author = {Wilson, Robert C and Cohen, Jonathan D},
  title = {Humans tradeoff information seeking and randomness in explore-exploit decisions},
  year = {2015},
  note = {Poster presented at Reinforcement Learning \& Decision Making, June 7--10, Edmonton, Canada}
}

@inproceedings{mcmahan2005bounded,
  title={Bounded real-time dynamic programming: RTDP with monotone upper bounds and performance guarantees},
  author={McMahan, H Brendan and Likhachev, Maxim and Gordon, Geoffrey J},
  booktitle={Proceedings of the 22nd international conference on Machine learning},
  pages={569--576},
  year={2005},
  organization={ACM}
}

@article{sutton1991dyna,
  title={Dyna, an integrated architecture for learning, planning, and reacting},
  author={Sutton, Richard S},
  journal={ACM SIGART Bulletin},
  volume={2},
  number={4},
  pages={160--163},
  year={1991},
  publisher={ACM}
}

@article{sutton1992reinforcement,
  title={Reinforcement learning is direct adaptive optimal control},
  author={Sutton, Richard S and Barto, Andrew G and Williams, Ronald J},
  journal={IEEE Control Systems},
  volume={12},
  number={2},
  pages={19--22},
  year={1992},
  publisher={IEEE}
}

@article{barto1995learning,
  title={Learning to act using real-time dynamic programming},
  author={Barto, Andrew G and Bradtke, Steven J and Singh, Satinder P},
  journal={Artificial Intelligence},
  volume={72},
  number={1},
  pages={81--138},
  year={1995},
  publisher={Elsevier}
}

@article{glascher2010states,
  title={States versus rewards: dissociable neural prediction error signals underlying model-based and model-free reinforcement learning},
  author={Gl{\"a}scher, Jan and Daw, Nathaniel and Dayan, Peter and O'Doherty, John P},
  journal={Neuron},
  volume={66},
  number={4},
  pages={585--595},
  year={2010},
  publisher={Elsevier}
}

@article{thorndike1933proof,
  title={A proof of the law of effect.},
  author={Thorndike, Edward L},
  journal={Science},
  year={1933},
  publisher={American Assn for the Advancement of Science}
}

@article{dayan2014model,
  title={Model-based and model-free Pavlovian reward learning: revaluation, revision, and revelation},
  author={Dayan, Peter and Berridge, Kent C},
  journal={Cognitive, Affective, \& Behavioral Neuroscience},
  volume={14},
  number={2},
  pages={473--492},
  year={2014},
  publisher={Springer}
}

@inproceedings{atkeson1997comparison,
  title={A comparison of direct and model-based reinforcement learning},
  author={Atkeson, Christopher G and Santamaria, Juan Carlos},
  booktitle={In International Conference on Robotics and Automation},
  year={1997},
  organization={Citeseer}
}

@article{lansink2009hippocampus,
  title={Hippocampus leads ventral striatum in replay of place-reward information},
  author={Lansink, Carien S and Goltstein, Pieter M and Lankelma, Jan V and McNaughton, Bruce L and Pennartz, Cyriel MA},
  journal={PLoS Biol},
  volume={7},
  number={8},
  pages={e1000173},
  year={2009},
  publisher={Public Library of Science}
}

@article{moore1993prioritized,
  title={Prioritized sweeping: Reinforcement learning with less data and less time},
  author={Moore, Andrew W and Atkeson, Christopher G},
  journal={Machine Learning},
  volume={13},
  number={1},
  pages={103--130},
  year={1993},
  publisher={Springer}
}

@article{daw2014algorithmic,
  title={The algorithmic anatomy of model-based evaluation},
  author={Daw, Nathaniel D and Dayan, Peter},
  journal={Phil. Trans. R. Soc. B},
  volume={369},
  number={1655},
  pages={20130478},
  year={2014},
  publisher={The Royal Society}
}